@Misc{ Roldan05,
	title = "Entrevista Colombia Aprende -- La red de conocimiento\emph{?`Que es un objeto virtual de aprendizaje?} ",
	howpublished = "\url{http://www.colombiaaprende.edu.co/html/directivos/1598/article-88892.html}"
}

@InProceedings{ Dorado06,
	title = "XIII Encuentro de la Escuela regional de Matem{\'a}ticas.",
	booktitle = "Breve Reflexi{\'o}n sobre Entornos Virtuales de Aprendizaje.",
	author = "D. J. Dorado",
	year = "2006.",
	location = "Pereira",
	month = sep
}

@Misc{ IEEE2006,
	title = "IEEE Learning Technology Standards Committee.",
	howpublished = "\url{http://ltsc.ieee.org. 2006}"
}

@Misc{ Fernandez2006,
	title = "Especificaciones y Estandares E-Learning.",
	author = "B. Fernandez",
	howpublished = "Revista de Tecnolog{\'i}as de la Informaci{\'o}n y Comunicaci{\'o}n Educativas.",
	url = "http://reddigital.cnice.mec.es"
}

@Misc{ SCORM2006,
	title = "Advanced Distributed Learning-Sharable Content Object Reference Model.",
	howpublished = "\url{http://www.adlnet.org}",
	year = "2006"
}

@Misc{ IMS2006,
	title = "IMS Global Learning Consortium.",
	howpublished = "\url{http://www.imsglobal.org/}"
}

@Article{ SANCHEZ,
	title = "Science.,Teachers’ View and Practices in Planning for Teaching",
	author = "G. S{\'A}NCHEZ and V VALC{\'A}RCEL",
	journal = "Journal of Research in Science Teaching",
	pages = "493--513",
	volume = "36",
	number = "n{\'u}m. 4",
	year = "1999"
}

@InProceedings{ Sampedro,
	title = "III Congreso Internacional sobre Comunicaci{\'o}n, Tecnolog{\'i}a y Educaci{\'o}n, Redes Multimedia y Dise{\~n}os Virtuales",
	booktitle = "Wellpath: gestor de entornos virtuales para la formaci{\'o}n",
	author = "A. Sampedro and A. Mart{\'i}nez and M. A. Ortu{\~n}o and H. Fern{\'a}ndez",
	year = "2000.",
	location = "Oviedo, Espa{\~n}a"
}

@Misc{ Angel08,
	title = "Computaci{\'o}n Evolutiva \emph{Caos y Fractales}",
	author = "Angel Garcia",
	howpublished = "\url{http://eisc.univalle.edu.co/\char126angarcia/ce/ce_clases/ce-11_CaosYFractales.pdf}"
}

@Unpublished{ Romero,
	title = "Conceptos b{\'a}sicos sobre la teor{\'i}a del caos y los fractales.",
	author = "V. A. Romero and R. A. Torres",
	note = "Junio 2010"
}

@Book{ Mandelbrot,
	title = "Les objets fractales: Forme, hasard et dimension",
	author = "B. Beno{\^i}t Mandelbrot",
	publisher = "Flammarion",
	year = "Par{\'i}s, 1975."
}

@Book{ Stewart,
	title = "Juega Dios a los Dados",
	author = "Ian Stewart",
	publisher = "Cr{\'i}tica",
	year = "2001"
}

@Book{ Martin,
	title = "Iniciacion al caos: sistemas dinamicos",
	author = "Miguel Angel Martin and Manuel Moran and Miguel Reyes",
	publisher = "S{\'i}ntesis",
	year = "1995",
	isbn = "84-7738-293-X"
}

@Misc{ HTML5,
	title = "A vocabulary and associated APIs for HTML and XHTML",
	howpublished = "\url{http://dev.w3.org/html5/spec/Overview.html}"
}

@Misc{ Canvas,
	title = "Canvas 2D API Specification 1.0",
	howpublished = "\url{http://dev.w3.org/html5/canvas-api/canvas-2d-api.html}"
}

@Misc{ CanvasTutorial,
	title = "Canvas tutorial",
	howpublished = "\url{https://developer.mozilla.org/en/canvas_tutorial}"
}

@Misc{ PHP,
	title = "Prefacio Manual de PHP",
	howpublished = "\url{http://www.php.net/manual/es/preface.php}"
}

@Misc{ Drupal2,
	title = "Sobre Drupal",
	howpublished = "\url{http://drupal.org.es/drupal}"
}

@InBook{ Drupal,
	title = "Using Drupal - Choosing and configurating modules to build dynamic websites",
	author = "A. Byron and A. Berry and N. Haug and J. Eaton and J. Walker and J. Robbins",
	publisher = "O'REILLY",
	chapter = "1",
	year = "2009"
}

@Book{ Fitzgeral,
	title = "Drupal for Education and E-Learning",
	author = "Bill Fitzgeral",
	publisher = "Packt Publishing",
	year = "2008"
}

@Misc{ CLAROLINE,
	title = "Claroline. An easy to use, open source software package based on PHP/MySQL.",
	howpublished = "http://www.claroline.net"
}

@Misc{ CanvasMandelbrot,
	title = "Mandelbrot Set in HTML 5 Canvas",
	howpublished = "\url{http://www.atopon.org/mandel/}"
}

@Misc{ edumat,
	title = "Caos: El Efecto Mariposa - Talleres",
	howpublished = "\url{http://www.edumat.net}"
}

@Article{ carlosPuente,
	title = "M{\'a}s lecciones a partir de la complejidad. Una par{\'a}bola Perenne y acaso urgente en al teor{\'i}a del caos",
	author = "Carlos E. Puente",
	journal = "REVISTA COMPLEXUS. Complejidad, Ciencia y Est{\'e}tica",
	volume = "5",
	number = "1",
	month = oct,
	year = "2009",
	issn = "0718-1515"
}

@Misc{ caos_atractores,
	howpublished = "\url{www.lanais.famaf.unc.edu.ar/cursos/caos/notas-caos-2.pdf}",
	title = "Atractores Extra{\~n}os y Geometr{\'i}a
Fractal.",
	month = oct,
	year = "2003"
}

@Misc{ bellateoria,
	title = "El efecto mariposa, un atractor extra{\~n}o.",
	author = "Salvador {Ruiz Fargueta}",
	howpublished = "\url{http://labellateoria.blogspot.com/2006/10/el-efecto-mariposa-un-atractor-extrao.html}",
	month = oct,
	year = "2006"
}

@Misc{ multimania,
	title = "La teoría del Caos",
	howpublished = "\url{http://usuarios.multimania.es/lateoriadelcaos/}"
}

@Misc{ Chemistry,
	title = "The ChemCollective: Online Resources for Teaching and Learning Chemistry",
	howpublished = "\url{http://www.chemcollective.org/}"
}

@Misc{ Colorado,
	title = "Interactive Science Simulations",
	howpublished = "\url{http://phet.colorado.edu/}"
}

@Misc{ parques,
	title = "Parques naturales y áreas protegidas",
	howpublished = "\url{http://objetos.univalle.edu.co/?q=node/444/}"
}





